<?xml version="1.0" encoding="UTF-8"?><collection xmlns="http://www.loc.gov/MARC21/slim"><record><leader>00431nam--2200169-i-4500</leader><controlfield tag="001">000018445</controlfield><controlfield tag="002">20161230</controlfield><controlfield tag="005">20161230201032</controlfield><controlfield tag="008">060222s1000------------r-----000-0-eng-d</controlfield><datafield ind1=" " ind2=" " tag="040"><subfield code="a">IFIN-HH</subfield></datafield><datafield ind1=" " ind2=" " tag="080"><subfield code="a">533.9</subfield></datafield><datafield ind1="1" ind2=" " tag="100"><subfield code="a">Drummond, James E</subfield></datafield><datafield ind1="1" ind2="0" tag="245"><subfield code="a">Plasma physics</subfield><subfield code="c">James e. drummond</subfield></datafield><datafield ind1=" " ind2=" " tag="260"><subfield code="a">New York, Mcgraw-hill Book Co, Inc., 1961</subfield></datafield><datafield ind1=" " ind2=" " tag="300"><subfield code="a">XIV + 386P</subfield></datafield><datafield ind1=" " ind2=" " tag="852"><subfield code="a">15964</subfield><subfield code="c">533.9</subfield></datafield><datafield ind1=" " ind2=" " tag="CAT"><subfield code="a">Sys</subfield><subfield code="c">20100921</subfield><subfield code="h">140936</subfield></datafield></record></collection>